@article{Joh2017,
  doi = {10.1109/tc.2017.2690633},
  url = {https://doi.org/10.1109/tc.2017.2690633},
  year = {2017},
  month = aug,
  publisher = {Institute of Electrical and Electronics Engineers ({IEEE})},
  volume = {66},
  number = {8},
  pages = {1281--1292},
  author = {Fredrik Johansson},
  title = {Arb: Efficient Arbitrary-Precision Midpoint-Radius Interval Arithmetic},
  journal = {{IEEE} Transactions on Computers}
}

@manual{Sag2020,
  key          = {SageMath},
  author = {{The Sage Developers}},
  title        = {{S}ageMath, the {S}age {M}athematics {S}oftware {S}ystem ({V}ersion 9.0)},
  year         = 2020,
  note         = "\url{https://www.sagemath.org}",
}

@article{conway1979monstrous,
  title={Monstrous moonshine},
  author={Conway, John H. and Norton, Simon P.},
  journal={Bulletin of the London Mathematical Society},
  volume={11},
  number={3},
  pages={308--339},
  year={1979},
  publisher={Oxford University Press}
}

@article{Baier2003,
  doi = {10.1080/10586458.2003.10504716},
  url = {https://doi.org/10.1080/10586458.2003.10504716},
  year = {2003},
  month = jan,
  publisher = {Informa {UK} Limited},
  volume = {12},
  number = {1},
  pages = {115--121},
  author = {Harald Baier and Gunter K\"{o}hler},
  title = {How to Compute the Coefficients of the Elliptic Modular Function $j(z)$},
  journal = {Experimental Mathematics}
}

@article{Brisebarre2005,
  year = {2005},
  volume = {20},
  number = {4},
  pages = {255--282},
  author = {Nicolas Brisebarre and Georges Philibert},
  title = {Effective lower and upper bounds for the {F}ourier coefficients of powers of the modular invariant $j$},
  journal = {Journal of the Ramanujan Mathematical Society}
}

@misc{OEIS000521,
    author={OEIS Foundation Inc.},
    year={2020},
    title={{The On-Line Encyclopedia of Integer Sequences}},
    howpublished={\url{https://oeis.org/A000521}}
}

@MISC{MO2,
    TITLE = {Does the {F}ourier expansion of the $j$-function have any prime coefficients?},
    AUTHOR = {David Feldman},
    YEAR = {2020},
    howpublished = {\url{https://mathoverflow.net/q/377061}}
}



@article{Johansson2012hrr,
  author={Fredrik Johansson},
  title={Efficient implementation of the {H}ardy-{R}amanujan-{R}ademacher formula},
  journal={LMS Journal of Computation and Mathematics},
  volume={15},
  year={2012},
  pages={341--359},
  doi={10.1112/S1461157012001088},
}


@phdthesis{Johansson2014thesis,
  title={Fast and rigorous computation of special functions to high precision},
  author={Fredrik Johansson},
  school={RISC, Johannes Kepler University},
  year={2014},
  address={Linz},
  note={\url{http://fredrikj.net/thesis/}}
}

@incollection{sarnak2009linnik,
  title={{On Linnik and Selberg's conjecture about sums of Kloosterman sums}},
  author={Sarnak, Peter and Tsimerman, Jacob},
  booktitle={Algebra, Arithmetic, and Geometry},
  pages={619--635},
  year={2009},
  publisher={Springer}
}


@article{Rademacher1938,
  doi = {10.2307/2371313},
  url = {https://doi.org/10.2307/2371313},
  year = {1938},
  month = apr,
  publisher = {{JSTOR}},
  volume = {60},
  number = {2},
  pages = {501},
  author = {Hans Rademacher},
  title = {{The {F}ourier coefficients of the modular invariant $J(\tau)$}},
  journal = {American Journal of Mathematics}
}

@article{aas1964congruences,
  title={Congruences for the coefficients of the modular invariant $j(\tau)$},
  author={Aas, Hans-Fredrik},
  journal={Mathematica Scandinavica},
  volume={14},
  number={2},
  pages={185--192},
  year={1964},
}

@article{Newman1958,
  doi = {10.2307/2033217},
  url = {https://doi.org/10.2307/2033217},
  year = {1958},
  month = aug,
  publisher = {{JSTOR}},
  volume = {9},
  number = {4},
  pages = {609},
  author = {Morris Newman},
  title = {Congruences for the Coefficients of Modular Forms and For the Coefficients of $j(\tau)$},
  journal = {Proceedings of the American Mathematical Society}
}

@article{whiteman1945note,
  title={A note on {K}loosterman sums},
  author={Whiteman, Albert Leon},
  journal={Bulletin of the American Mathematical Society},
  volume={51},
  number={6},
  pages={373--377},
  year={1945}
}

@article{McLaughlin2012,
  doi = {10.1007/s11139-011-9365-3},
  url = {https://doi.org/10.1007/s11139-011-9365-3},
  year = {2012},
  month = apr,
  publisher = {Springer Science and Business Media {LLC}},
  volume = {28},
  number = {2},
  pages = {253--271},
  author = {James Mc~Laughlin and Scott Parsell},
  title = {A {Hardy-Ramanujan-Rademacher-type} formula for $(r, s)$-regular partitions},
  journal = {The Ramanujan Journal}
}

@article{petersson1932,
  title={{\"U}ber die {E}ntwicklungskoeffizienten der automorphen {F}ormen},
  author={Petersson, Hans},
  journal={Acta Mathematica},
  volume={58},
  number={1},
  pages={169--215},
  year={1932},
  publisher={Springer}
}

@article{sills2010towards,
  title={Towards an automation of the circle method},
  author={Sills, Andrew},
  journal={Gems in experimental mathematics},
  pages={321--338},
  year={2010},
  publisher={Am. Math. Soc.}
}

